@Book{ barry:utfrtk,
	author = "Richard Berry",
	title = {Using the FreeRTOS Real Time Kernel},
	subtitle = {A practical Guide},
	edition = "1.0.5",
	year = "2009",
	language = "English"
}

@Book{ corbet:ldd,
	author = "Jonathan Corbet, Alessandro Rubini, Greg Kroah-Hartman",
	title = {Using the FreeRTOS Real Time Kernel},
	edition = "3",
	year = "2005",
	month = "November"
	language = "English",
	publisher = "O'Reilly Media Inc."
}

@Book{ bovet:utlk,
	author = "Daniel P. Bavet, Marco Cesati",
	title = {Understanding the Linux Kernel},
	edition = "3",
	year = "2005",
	month = "January"
	language = "English",
	publisher = "O'Reilly Media Inc."
}

@INPROCEEDINGS{kar:itrb,
	AUTHOR = "Rabindra P. Kar",
	TITLE = "Implementing the Realstone Benchmark",
	BOOKTITLE = "Dr. Dobb's Journal",
	PAGES = {46-55},
	VOLUME = {15},
	NUMBER = {4},
	MONTH = "April", 	
	YEAR = {1990}	
}
	
@Misc{MOST:spec,
	NOTE = "Published by the MOST Cooperation",
	title  = "MOST Specification Rev. 3",
	year = {2010},
	howpublished = {\url{http://www.mostcooperation.com}}
}
	
